@online{MNIST,
	author = {{Yann LeCun} and {Corinna Corte} and {Christopher J.C. Burges}},
	title = {The {MNIST} database of handwritten digits},
	url = {http://yann.lecun.com/exdb/mnist/}
}

@online{Tensor1,
	title = {{MNIST} For ML Beginners},
	date = {May 2, 2016},
	url = {https://www.tensorflow.org/versions/r0.8/tutorials/mnist/beginners/index.html},
}


@online{Tensor2,
	title = {Deep {MNIST} for Experts},
	date = {May 2, 2016},
	url = {https://www.tensorflow.org/versions/r0.8/tutorials/mnist/pros/index.html},
}
